%% This BibTeX bibliography file was created using BibDesk.
%% http://bibdesk.sourceforge.net/


%% Created for Matthew Grosvenor at 2014-07-13 11:41:42 +0100 


%% Saved with string encoding Unicode (UTF-8) 



@electronic{100gnic,
	Author = {Inveatech},
	Date-Added = {2014-07-13 10:34:02 +0000},
	Date-Modified = {2014-07-13 10:41:40 +0000},
	Lastchecked = {July 19,2014},
	Month = {July},
	Title = {{COMBO-100G FPGA Card}},
	Url = {https://www.invea.com/en/products-and-services/fpga-cards/combo-100g},
	Year = {2014}}

@article{Barroso2011-keynote,
	Acmid = {2019527},
	Address = {New York, NY, USA},
	Author = {Barroso, Luiz Andre},
	Doi = {10.1145/2024723.2019527},
	Issn = {0163-5964},
	Issue_Date = {June 2011},
	Journal = {SIGARCH Comput. Archit. News},
	Month = jun,
	Number = {3},
	Publisher = {ACM},
	Title = {Warehouse-Scale Computing: Entering the Teenage Decade},
	Url = {http://doi.acm.org/10.1145/2024723.2019527},
	Volume = {39},
	Year = {2011},
	Bdsk-Url-1 = {http://doi.acm.org/10.1145/2024723.2019527},
	Bdsk-Url-2 = {http://dx.doi.org/10.1145/2024723.2019527}}

@book{Hoelzle2009-book,
	Author = {Hoelzle, Urs and Barroso, Luiz Andre},
	Edition = {1st},
	Isbn = {159829556X, 9781598295566},
	Publisher = {Morgan and Claypool Publishers},
	Title = {The Datacenter as a Computer: An Introduction to the Design of Warehouse-Scale Machines},
	Year = {2009}}

@article{Sprite,
	Author = {Ousterhout, J.K. and Cherenson, A.R. and Douglis, F. and Nelson, M.N. and Welch, B.B.},
	Doi = {10.1109/2.16},
	Issn = {0018-9162},
	Journal = {Computer},
	Keywords = {Lisp applications;SPUR;Sprite network operating system;application interface;file data;file name space;hardware support;high-performance multiprocessor workstation;kernel calls;networked workstations;process migration;virtual memory;file organisation;network operating systems;virtual storage;},
	Month = {feb.},
	Number = {2},
	Pages = {23 -36},
	Title = {The Sprite network operating system},
	Volume = {21},
	Year = {1988},
	Bdsk-Url-1 = {http://dx.doi.org/10.1109/2.16}}

@article{Amoeba,
	Author = {Mullender, S.J. and van Rossum, G. and Tanenbaum, A.S. and van Renesse, R. and van Staveren, H.},
	Doi = {10.1109/2.53354},
	Issn = {0018-9162},
	Journal = {Computer},
	Keywords = {Amoeba distributed operating system;Unix emulation;Unix system call routines;atomicity;bullet service;capabilities;centralized system;directory service;fault tolerance;file system;flexibility;immutable files;library;objects;replication;security;server processes;sparse name space;speed;symbolic names;Unix;network operating systems;},
	Month = {may},
	Number = {5},
	Pages = {44 -53},
	Title = {Amoeba: a distributed operating system for the 1990s},
	Volume = {23},
	Year = {1990},
	Bdsk-Url-1 = {http://dx.doi.org/10.1109/2.53354}}

@article{Apollo-DOMAIN,
	Author = {Leach, P. and Levine, P. and Douros, B. and Hamilton, J. and Nelson, D. and Stumpf, B.},
	Doi = {10.1109/JSAC.1983.1146002},
	Issn = {0733-8716},
	Journal = {Selected Areas in Communications, IEEE Journal on},
	Keywords = {Distributed computing; LANs; Local-area network (LAN);},
	Month = {nov},
	Number = {5},
	Pages = {842 - 857},
	Title = {The Architecture of an Integrated Local Network},
	Volume = {1},
	Year = {1983},
	Bdsk-Url-1 = {http://dx.doi.org/10.1109/JSAC.1983.1146002}}

@article{Popek:1974:FRV:361011.361073,
	Acmid = {361073},
	Address = {New York, NY, USA},
	Author = {Popek, Gerald J. and Goldberg, Robert P.},
	Doi = {10.1145/361011.361073},
	Issn = {0001-0782},
	Issue_Date = {July 1974},
	Journal = {Commun. ACM},
	Month = jul,
	Number = {7},
	Numpages = {10},
	Pages = {412--421},
	Publisher = {ACM},
	Title = {Formal requirements for virtualizable third generation architectures},
	Url = {http://doi.acm.org/10.1145/361011.361073},
	Volume = {17},
	Year = {1974},
	Bdsk-Url-1 = {http://doi.acm.org/10.1145/361011.361073},
	Bdsk-Url-2 = {http://dx.doi.org/10.1145/361011.361073}}

@article{Varian:VM370,
	Author = {Melinda Varian},
	Journal = {SHARE},
	Month = {August},
	Pages = {Sessions 9059--9061},
	Title = {VM and the VM Community: Past, Present, and Future},
	Volume = {89},
	Year = {1997}}

@book{Wilkes:1979:CCC:1098638,
	Address = {Amsterdam, The Netherlands, The Netherlands},
	Author = {Wilkes, M. V},
	Isbn = {0444003576},
	Publisher = {North-Holland Publishing Co.},
	Title = {The Cambridge CAP computer and its operating system (Operating and programming systems series)},
	Year = {1979}}

@misc{GoogleLinux,
	Author = {{Waychinson, Mike and Corbet, Jonathan}},
	Note = {\url{http://lwn.net/Articles/357658/}},
	Title = {{KS2009: How Google uses Linux}},
	Year = 2009}

@inproceedings{Spanner,
	Author = {Corbett, J.C. and others},
	Booktitle = {Proceedings of OSDI},
	Title = {{Spanner: Google's Globally-Distributed Database}},
	Year = {2012}}

@inproceedings{ZooKeeper,
	Author = {{Hunt, P. and others}},
	Booktitle = {{Proceedings of USENIX ATC}},
	Title = {{ZooKeeper: Wait-free coordination for Internet-scale systems}},
	Year = {2010}}

@inproceedings{Chubby,
	Author = {{Burrows, M.}},
	Booktitle = {{Proceedings of OSDI}},
	Pages = {335--350},
	Title = {{The Chubby lock service for loosely-coupled distributed systems}},
	Year = {2006}}

@inproceedings{Drawbridge,
	Author = {{Porter, D.E. and Boyd-Wickizer, S. and Howell, J. and Olinsky, R. and Hunt, G.C.}},
	Booktitle = {{Proceedings of ASPLOS}},
	Pages = {291--304},
	Title = {{Rethinking the library OS from the top down}},
	Year = {2011}}

@inproceedings{GoogleDCsEnergy,
	Acmid = {1816004},
	Author = {{Abts, Dennis and Marty, Michael R. and Wells, Philip M. and Klausler, Peter and Liu, Hong}},
	Booktitle = {{Proceedings of ISCA}},
	Doi = {10.1145/1815961.1816004},
	Keywords = {datacenter networks, interconnection networks, low-power networking},
	Pages = {338--347},
	Title = {{Energy proportional datacenter networks}},
	Url = {http://doi.acm.org/10.1145/1815961.1816004},
	Year = {2010},
	Bdsk-Url-1 = {http://doi.acm.org/10.1145/1815961.1816004},
	Bdsk-Url-2 = {http://dx.doi.org/10.1145/1815961.1816004}}

@inproceedings{Mirage,
	Author = {{Madhavapeddy, Anil and Mortier, Richard and Rotsos, Charalampos and Scott, David and Singh, Balraj and Gazagnaire, Thomas and Smith, Steven and Hand, Steven and Crowcroft, Jon}},
	Booktitle = {{Proceedings of ASPLOS}},
	Note = {To appear},
	Title = {{Unikernels: Library Operating Systems for the Cloud}},
	Year = {2013}}

@article{Mungi,
	Author = {{Heiser, G. and Elphinstone, K. and Vochteloo, J. and Russell, S. and Liedtke, J.}},
	Journal = {{Software: Practice and Experience}},
	Number = {9},
	Pages = {901--928},
	Title = {{The Mungi single-address-space operating system}},
	Volume = {28},
	Year = {1998}}

@inproceedings{DRF,
	Author = {{Ghodsi, A. and Zaharia, M. and Hindman, B. and Konwinski, A. and Shenker, S. and Stoica, I.}},
	Booktitle = {{Proceedings of NSDI}},
	Title = {{Dominant resource fairness: fair allocation of multiple resource types}},
	Year = {2011}}

@inproceedings{FDS,
	Author = {{Nightingale, E. and Elson, J. and Hofmann, O. and Suzue, Y. and Fan, J. and Howell, J.}},
	Booktitle = {{Proceedings of OSDI}},
	Title = {{Flat Datacenter Storage}},
	Year = {2012}}

@article{L4embedded,
	Author = {{Heiser, G. and Elphinstone, K. and Kuz, I. and Klein, G. and Petters, S.M.}},
	Journal = {{ACM SIGOPS Operating Systems Review}},
	Number = {4},
	Pages = {3--11},
	Title = {{Towards trustworthy computing systems: taking microkernels to the next level}},
	Volume = {41},
	Year = {2007}}

@inproceedings{GoogleTrace,
	Author = {{Reiss, C. and Tumanov, A. and Ganger, G.R. and Katz, R.H. and Kozuch, M.A.}},
	Booktitle = {Proceedings of SoCC},
	Title = {{Heterogeneity and dynamicity of clouds at scale: Google trace analysis}},
	Year = {2012}}

@inproceedings{Capsicum,
	Author = {{Watson, R.N.M. and Anderson, J. and Laurie, B. and Kennaway, K.}},
	Booktitle = {{Proceedings of USENIX Security}},
	Title = {{Capsicum: practical capabilities for UNIX}},
	Year = {2010}}

@inproceedings{Holland2011,
	Author = {{Holland, D.A. and Seltzer, M.I.}},
	Booktitle = {Proceedings of HotOS},
	Pages = {9--11},
	Title = {{Multicore OSes: looking forward from 1991, er, 2011}},
	Year = {2011}}

@techreport{Ganesha,
	Author = {Pan, Xinghao and Tan, Jiaqi and Kavulya, Soila and Gandhi, Rajeev and Narasimhan, Priya},
	Institution = {CMU Parallel Data Laboratory},
	Title = {{Ganesha: Black-Box Fault Diagnosis for MapReduce Systems (CMU-PDL-08-112)}},
	Year = {2008}}

@inproceedings{GoogleLinuxKernelDebugging,
	Author = {{Bligh, Matt and Desnoyers, Mathieu and Schultz, Rebecca}},
	Booktitle = {{Proceedings of the Ottawa Linux Symposium}},
	Title = {{Linux Kernel Debugging on Google-sized Clusters}},
	Year = {2007}}

@inproceedings{Hydra,
	Acmid = {806531},
	Author = {Levin, R. and Cohen, E. and Corwin, W. and Pollack, F. and Wulf, W.},
	Booktitle = {Proceedings of SOSP},
	Doi = {10.1145/800213.806531},
	Keywords = {Mechanism, Operating system, Paging, Policy, Protection, Resource allocation, Scheduling},
	Pages = {132--140},
	Title = {Policy/mechanism separation in Hydra},
	Url = {http://doi.acm.org/10.1145/800213.806531},
	Year = {1975},
	Bdsk-Url-1 = {http://doi.acm.org/10.1145/800213.806531},
	Bdsk-Url-2 = {http://dx.doi.org/10.1145/800213.806531}}

@misc{WittorffPatent,
	Author = {{Wittorff, V.W.}},
	Month = mar # {~6},
	Note = {US Patent 8,130,652},
	Title = {{Control of data in communication networks}},
	Year = {2008}}

@techreport{Dapper,
	Author = {{Sigelman, B.H. and others}},
	Institution = {Google},
	Title = {{Dapper, a large-scale distributed systems tracing infrastructure}},
	Year = {2010}}

@inproceedings{PaxosMadeLive,
	Author = {{Chandra, T. and Griesemer, R. and Redstone, J.}},
	Booktitle = {{Proceedings of PODC}},
	Title = {{Paxos made live -- an engineering perspective (invited talk)}},
	Volume = {7},
	Year = {2007}}

@inproceedings{Mars2010,
	Author = {{Mars, J. and Vachharajani, N. and Hundt, R. and Soffa, M.L.}},
	Booktitle = {{Proceedings of CGO}},
	Pages = {257--265},
	Title = {{Contention aware execution: online contention detection and response}},
	Year = {2010}}

@article{GoogleArchitecture,
	Author = {{Barroso, L.A. and Dean, J. and Holzle, U.}},
	Doi = {10.1109/MM.2003.1196112},
	Issn = {0272-1732},
	Journal = {{Micro, IEEE}},
	Keywords = {Application software;Computer architecture;Delay;Energy efficiency;Personal communication networks;Planets;Search engines;Service oriented architecture;Web search;Web services; Internet; file servers; search engines; software fault tolerance; Google cluster architecture; Google web search; Web search; commodity-class PCs; fault tolerant software;},
	Month = {march-april},
	Number = {2},
	Pages = {22--28},
	Title = {{Web search for a planet: The Google cluster architecture}},
	Volume = {23},
	Year = {2003},
	Bdsk-Url-1 = {http://dx.doi.org/10.1109/MM.2003.1196112}}

@inproceedings{CNK,
	Author = {{Giampapa, M. and Gooding, T. and Inglett, T. and Wisniewski, R.W.}},
	Booktitle = {{Proceedings of IEEE SC}},
	Title = {{Experiences with a lightweight supercomputer kernel: Lessons learned from Blue Gene's CNK}},
	Year = {2010}}

@inproceedings{BlueGene,
	Author = {Adiga, N.R. and Almasi, G. and Almasi, G.S. and Aridor, Y. and Barik, R. and Beece, D. and Bellofatto, R. and others},
	Booktitle = {Supercomputing, ACM/IEEE 2002 Conference},
	Doi = {10.1109/SC.2002.10017},
	Issn = {1063-9535},
	Keywords = {Concurrent computing;Contracts;Energy consumption;Government;IEEE news;Laboratories;Microelectronics;Supercomputers;System-on-a-chip;US Department of Energy;},
	Month = {nov.},
	Pages = {60},
	Title = {An Overview of the BlueGene/L Supercomputer},
	Year = {2002},
	Bdsk-Url-1 = {http://dx.doi.org/10.1109/SC.2002.10017}}

@article{ResourceContainersOSR,
	Author = {{Banga, G. and Druschel, P. and Mogul, J.C.}},
	Journal = {{Operating Systems Review}},
	Pages = {45--58},
	Title = {{Resource containers: A new facility for resource management in server systems}},
	Volume = {33},
	Year = {1998}}

@inproceedings{ResourceContainers,
	Author = {{Druschel, P. and Banga, G. and Mogul, JC}},
	Booktitle = {{Proceedings of OSDI}},
	Title = {{Resource containers: A new facility for resource management in server systems}},
	Year = {1999}}

@inproceedings{Thialfi,
	Acmid = {2043570},
	Author = {{Adya, Atul and Cooper, Gregory and Myers, Daniel and Piatek, Michael}},
	Booktitle = {Proceedings of SOSP},
	Doi = {10.1145/2043556.2043570},
	Isbn = {978-1-4503-0977-6},
	Keywords = {distributed systems, scalability},
	Location = {Cascais, Portugal},
	Numpages = {14},
	Pages = {129--142},
	Title = {{Thialfi: a client notification service for internet-scale applications}},
	Url = {http://doi.acm.org/10.1145/2043556.2043570},
	Year = {2011},
	Bdsk-Url-1 = {http://doi.acm.org/10.1145/2043556.2043570},
	Bdsk-Url-2 = {http://dx.doi.org/10.1145/2043556.2043570}}

@inproceedings{Bobtail,
	Author = {Xu, Yunjing and others},
	Booktitle = {Proceedings of NSDI},
	Title = {{Bobtail: Avoiding Long Tails in the Cloud}},
	Year = {2013}}

@article{IsarithmicNetworks,
	Author = {{Davies, D.}},
	Journal = {{IEEE Transactions on Communications}},
	Number = {3},
	Pages = {546--550},
	Publisher = {IEEE},
	Title = {{The control of congestion in packet-switching networks}},
	Volume = {20},
	Year = {1972}}

@article{CAPPerspectives,
	Author = {Gilbert, S. and others},
	Journal = {Computer},
	Number = {2},
	Pages = {30--36},
	Publisher = {IEEE},
	Title = {{Perspectives on the CAP Theorem}},
	Volume = {45},
	Year = {2012}}

@article{CAPTheorem,
	Author = {{Gilbert, S. and Lynch, N.}},
	Journal = {ACM SIGACT News},
	Number = {2},
	Pages = {51--59},
	Publisher = {ACM},
	Title = {{Brewer's conjecture and the feasibility of consistent, available, partition-tolerant web services}},
	Volume = {33},
	Year = {2002}}

@inproceedings{SwitchPowerStudy,
	Author = {{Mahadevan, P. and Sharma, P. and Banerjee, S. and Ranganathan, P.}},
	Booktitle = {IFIP Networking},
	Pages = {795--808},
	Title = {{A power benchmarking framework for network devices}},
	Year = {2009}}

@inproceedings{ElasticTree,
	Author = {{Heller, B. and Seetharaman, S. and Mahadevan, P. and Yiakoumis, Y. and Sharma, P. and Banerjee, S. and McKeown, N.}},
	Booktitle = {{Proceedings of NSDI}},
	Pages = {17--17},
	Title = {{ElasticTree: saving energy in data center networks}},
	Year = {2010}}

@article{EnergyProportionalBarroso,
	Author = {{Barroso, L.A. and Holzle, U.}},
	Journal = {Computer},
	Number = {12},
	Pages = {33--37},
	Publisher = {IEEE},
	Title = {{The case for energy-proportional computing}},
	Volume = {40},
	Year = {2007}}

@article{TailAtScale,
	Acmid = {2408794},
	Author = {Dean, Jeffrey and others},
	Doi = {10.1145/2408776.2408794},
	Issn = {0001-0782},
	Issue_Date = {February 2013},
	Journal = {Commun. ACM},
	Month = feb,
	Number = {2},
	Numpages = {7},
	Opt_Pages = {74--80},
	Title = {{The Tail at Scale: Managing Latency Variability in Large-Scale Online Services}},
	Url = {http://doi.acm.org/10.1145/2408776.2408794},
	Volume = {56},
	Year = {2013},
	Bdsk-Url-1 = {http://doi.acm.org/10.1145/2408776.2408794},
	Bdsk-Url-2 = {http://dx.doi.org/10.1145/2408776.2408794}}

@article{Orchestra,
	Author = {{Chowdhury, M. and Zaharia, M. and Ma, J. and Jordan, M.I. and Stoica, I.}},
	Journal = {{SIGCOMM Computer Communication Review}},
	Number = {4},
	Pages = {98},
	Title = {{Managing data transfers in computer clusters with orchestra}},
	Volume = {41},
	Year = {2011}}

@misc{AristaLowLatency,
	Author = {{Arista Networks}},
	Note = {\url{http://bit.ly/gZnz7s}},
	Title = {{Financial Applications -- Real World results, slide deck}}}

@misc{Arista7150datasheet,
	Author = {{Arista Networks}},
	Note = {\url{http://bit.ly/14rK1Nq}},
	Title = {{7150 Series 10G data sheet}}}

@misc{Cisco3548datasheet,
	Author = {{Cisco Systems}},
	Note = {{\url{http://bit.ly/YBOvAC}; accessed 14/01/2013.}},
	Title = {{Nexus 3548 switch data sheet}}}

@inproceedings{pFabric-hotnets,
	Author = {Alizadeh, Mohammad and Yang, Shuang and Katti, Sachin and McKeown, Nick and Prabhakar, Balaji and Shenker, Scott},
	Booktitle = {{Proceedings of HotNets}},
	Pages = {133--138},
	Title = {{Deconstructing datacenter packet transport}},
	Year = {2012}}

@inproceedings{pFabric-sigcomm,
	Author = {Alizadeh, Mohammad and others},
	Booktitle = {Proceedings of SIGCOMM},
	Location = {Hong Kong, China},
	Numpages = {12},
	Pages = {435--446},
	Title = {{pFabric: Minimal Near-optimal Datacenter Transport}},
	Year = {2013}}

@book{ATMbook,
	Author = {{H{\"a}ndel, R. and Huber, M.N. and Schr{\"o}der, S.}},
	Publisher = {Addison-Wesley},
	Title = {{ATM networks: concepts, protocols, applications}},
	Year = {1994}}

@inproceedings{Pregel,
	Author = {{Malewicz, G. and others}},
	Booktitle = {{Proceedings of SIGMOD}},
	Pages = {135--146},
	Title = {{Pregel: a system for large-scale graph processing}},
	Year = {2010}}

@article{sonet,
	Author = {Ballart, R. and others},
	Journal = {IEEE Communications Magazine},
	Number = {3},
	Pages = {8--15},
	Title = {{SONET: Now it's the standard optical network}},
	Volume = {27},
	Year = {1989}}

@inproceedings{Kandula,
	Author = {{Kandula, Srikanth and Sengupta, Sudipta and Greenberg, Albert and Patel, Parveen and Chaiken, Ronnie}},
	Booktitle = {{Proceedings of IMC}},
	Pages = {202--208},
	Title = {{The nature of data center traffic: measurements \& analysis}},
	Year = {2009}}

@misc{88E8059,
	Author = {{Marvell Inc.}},
	Note = {{\url{http://bit.ly/YBT11T}; accessed 17/01/2013.}},
	Title = {{Yukon 88E8059 data sheet}}}

@misc{RTL8168B,
	Author = {{Realtek Corp.}},
	Title = {{RTL8168B data sheet}}}

@techreport{CamCube,
	Author = {{Costa, P. and Donnelly, A. and O'Shea, G. and Rowstron, A.}},
	Institution = {{Technical Report MSR TR-2010-74, Microsoft Research}},
	Title = {{CamCube: A Key-based Data Center}},
	Year = {2010}}

@inproceedings{Camdoop,
	Author = {{Costa, P. and Donnelly, A. and Rowstron, A. and O'Shea, G.}},
	Booktitle = {{Proceedings of NSDI}},
	Title = {{Camdoop: Exploiting in-network aggregation for big data applications}},
	Year = {2012}}

@inproceedings{Detail,
	Author = {Zats, David and others},
	Booktitle = {{Proceedings of SIGCOMM}},
	Opt_Month = aug,
	Opt_Number = {4},
	Opt_Pages = {139--150},
	Opt_Volume = {42},
	Title = {{DeTail: reducing the flow completion time tail in datacenter networks}},
	Year = {2012}}

@inproceedings{dctcp,
	Author = {Alizadeh, Mohammad and others},
	Booktitle = {{Proceedings of SIGCOMM}},
	Opt_Pages = {63--74},
	Title = {{Data center TCP (DCTCP)}},
	Year = {2010}}

@article{d2tcp,
	Author = {Vamanan, Balajee and others},
	Journal = {{SIGCOMM Computer Communication Review}},
	Number = {4},
	Pages = {115--126},
	Title = {{Deadline-aware datacenter tcp (D\textsuperscript{2}TCP)}},
	Volume = {42},
	Year = {2012}}

@inproceedings{PracticalTDMA,
	Author = {Vattikonda, B.C. and others},
	Booktitle = {{Proceedings of EuroSys}},
	Pages = {225--238},
	Title = {{Practical TDMA for datacenter ethernet}},
	Year = {2012}}

@article{CamFastRing,
	Author = {{Hopper, A. and Needham, R.M.}},
	Journal = {{IEEE Transactions on Computers}},
	Month = {oct},
	Number = {10},
	Pages = {1214 -1223},
	Title = {{The Cambridge fast ring networking system}},
	Volume = {37},
	Year = {1988}}

@inproceedings{Card100ms,
	Author = {{Card, S.K. and others}},
	Booktitle = {{Proceedings of CHI}},
	Pages = {181--186},
	Title = {{The information visualizer, an information workspace}},
	Year = {1991}}

@inproceedings{cthrough,
	Author = {{Wang, G. and Andersen, D.G. and Kaminsky, M. and Papagiannaki, K. and Ng, T.S.E. and Kozuch, M. and Ryan, M.}},
	Booktitle = {{Proceedings of SIGCOMM}},
	Pages = {327--338},
	Title = {{c-Through: Part-time optics in data centers}},
	Volume = {10},
	Year = {2010}}

@inproceedings{HwFaultsCloudSoCC2010,
	Author = {{Vishwanath, K.V. and Nagappan, N.}},
	Booktitle = {Proceedings of SoCC},
	Pages = {193--204},
	Title = {{Characterizing cloud computing hardware reliability}},
	Year = {2010}}

@inproceedings{Jiang:2012:TBN:2398776.2398810,
	Author = {Jiang, Haiqing and others},
	Booktitle = {Proceedings of IMC},
	Pages = {329--342},
	Title = {{Tackling bufferbloat in 3G/4G networks}},
	Year = {2012}}

@book{ARCNET,
	Author = {{Datapoint Corp.}},
	Edition = {{2nd Edition}},
	Publisher = {{Datapoint Corporation}},
	Title = {{ARCNET Designer's Handbook, Document Number 61610}},
	Year = 1988}

@inproceedings{naiad-sosp,
	Acmid = {2522738},
	Author = {Murray, Derek G. and others},
	Booktitle = {Proceedings of SOSP},
	Doi = {10.1145/2517349.2522738},
	Isbn = {978-1-4503-2388-8},
	Location = {Farminton, Pennsylvania},
	Numpages = {17},
	Pages = {439--455},
	Title = {{Naiad: A Timely Dataflow System}},
	Url = {http://doi.acm.org/10.1145/2517349.2522738},
	Year = {2013},
	Bdsk-Url-1 = {http://doi.acm.org/10.1145/2517349.2522738},
	Bdsk-Url-2 = {http://dx.doi.org/10.1145/2517349.2522738}}

@inproceedings{sparrow,
	Acmid = {2522716},
	Author = {Ousterhout, Kay and others},
	Booktitle = {Proceedings of SOSP},
	Doi = {10.1145/2517349.2522716},
	Isbn = {978-1-4503-2388-8},
	Location = {Farminton, Pennsylvania},
	Numpages = {16},
	Pages = {69--84},
	Title = {{Sparrow: Distributed, Low Latency Scheduling}},
	Url = {http://doi.acm.org/10.1145/2517349.2522716},
	Year = {2013},
	Bdsk-Url-1 = {http://doi.acm.org/10.1145/2517349.2522716},
	Bdsk-Url-2 = {http://dx.doi.org/10.1145/2517349.2522716}}

@inproceedings{shark,
	Acmid = {2213934},
	Author = {Engle, Cliff and Lupher, Antonio and Xin, Reynold and Zaharia, Matei and Franklin, Michael J. and Shenker, Scott and Stoica, Ion},
	Booktitle = {Proceedings of SIGMOD},
	Doi = {10.1145/2213836.2213934},
	Isbn = {978-1-4503-1247-9},
	Keywords = {data warehouse, databases, machine learning, resilient distributed dataset, shark, spark},
	Location = {Scottsdale, Arizona, USA},
	Numpages = {4},
	Pages = {689--692},
	Title = {{Shark: Fast Data Analysis Using Coarse-grained Distributed Memory}},
	Url = {http://doi.acm.org/10.1145/2213836.2213934},
	Year = {2012},
	Bdsk-Url-1 = {http://doi.acm.org/10.1145/2213836.2213934},
	Bdsk-Url-2 = {http://dx.doi.org/10.1145/2213836.2213934}}

@article{blinkdb,
	Acmid = {2465355},
	Author = {Agarwal, Sameer and others},
	Doi = {10.1145/2465351.2465355},
	Iot_Numpages = {14},
	Isbn = {978-1-4503-1994-2},
	Journal = {EuroSys},
	Location = {Prague, Czech Republic},
	Opt_Pages = {29--42},
	Title = {{BlinkDB: Queries with Bounded Errors and Bounded Response Times on Very Large Data}},
	Url = {http://doi.acm.org/10.1145/2465351.2465355},
	Year = {2013},
	Bdsk-Url-1 = {http://doi.acm.org/10.1145/2465351.2465355},
	Bdsk-Url-2 = {http://dx.doi.org/10.1145/2465351.2465355}}

@inproceedings{little-bw-for-latency,
	Acmid = {2228324},
	Author = {Alizadeh, Mohammad and others},
	Booktitle = {Proceedings of NSDI},
	Location = {San Jose, CA},
	Numpages = {1},
	Title = {{Less is more: trading a little bandwidth for ultra-low latency in the data center}},
	Url = {http://dl.acm.org/citation.cfm?id=2228298.2228324},
	Year = {2012},
	Bdsk-Url-1 = {http://dl.acm.org/citation.cfm?id=2228298.2228324}}

@inproceedings{better-never-than-late-msrc,
	Acmid = {2018443},
	Author = {Wilson, Christo and others},
	Booktitle = {Proceedings of SIGCOMM},
	Doi = {10.1145/2018436.2018443},
	Isbn = {978-1-4503-0797-0},
	Keywords = {datacenter, deadline, online services, rate control, sla},
	Location = {Toronto, Ontario, Canada},
	Numpages = {12},
	Opt_Pages = {50--61},
	Title = {{Better never than late: meeting deadlines in datacenter networks}},
	Url = {http://doi.acm.org/10.1145/2018436.2018443},
	Year = {2011},
	Bdsk-Url-1 = {http://doi.acm.org/10.1145/2018436.2018443},
	Bdsk-Url-2 = {http://dx.doi.org/10.1145/2018436.2018443}}

@inproceedings{pdq,
	Acmid = {2342389},
	Author = {Hong, Chi-Yao and others},
	Booktitle = {Proceedings of SIGCOMM},
	Doi = {10.1145/2342356.2342389},
	Isbn = {978-1-4503-1419-0},
	Keywords = {data center, deadline, flow scheduling},
	Location = {Helsinki, Finland},
	Numpages = {12},
	Pages = {127--138},
	Title = {{Finishing flows quickly with preemptive scheduling}},
	Url = {http://doi.acm.org/10.1145/2342356.2342389},
	Year = {2012},
	Bdsk-Url-1 = {http://doi.acm.org/10.1145/2342356.2342389},
	Bdsk-Url-2 = {http://dx.doi.org/10.1145/2342356.2342389}}

@inproceedings{time-for-low-latency,
	Acmid = {1991611},
	Address = {Berkeley, CA, USA},
	Author = {Rumble, Stephen M. and Ongaro, Diego and Stutsman, Ryan and Rosenblum, Mendel and Ousterhout, John K.},
	Booktitle = {Proceedings of HotOS},
	Date-Added = {2012-11-05 15:24:49 +0000},
	Date-Modified = {2012-11-05 15:24:49 +0000},
	Location = {Napa, California},
	Pages = {11},
	Title = {{It's time for low latency}},
	Url = {http://dl.acm.org/citation.cfm?id=1991596.1991611},
	Year = {2011},
	Bdsk-Url-1 = {http://dl.acm.org/citation.cfm?id=1991596.1991611}}

@inproceedings{vl2,
	Acmid = {1592576},
	Author = {Greenberg, Albert and others},
	Booktitle = {Proceedings of SIGCOMM},
	Date-Modified = {2012-11-05 15:17:35 +0000},
	Doi = {10.1145/1592568.1592576},
	Isbn = {978-1-60558-594-9},
	Keywords = {commoditization, data center network},
	Location = {Barcelona, Spain},
	Numpages = {12},
	Pages = {51--62},
	Title = {{VL2: a scalable and flexible data center network}},
	Url = {http://doi.acm.org/10.1145/1592568.1592576},
	Year = {2009},
	Bdsk-Url-1 = {http://doi.acm.org/10.1145/1592568.1592576},
	Bdsk-Url-2 = {http://dx.doi.org/10.1145/1592568.1592576}}

@article{dremel,
	Author = {Melnik, Sergey and Gubarev, Andrey and Long, Jing Jing and Romer, Geoffrey and Shivakumar, Shiva and Tolton, Matt and Vassilakis, Theo},
	Journal = {Proceedings of the VLDB Endowment},
	Number = {1-2},
	Pages = {330--339},
	Publisher = {VLDB Endowment},
	Title = {Dremel: interactive analysis of web-scale datasets},
	Volume = {3},
	Year = {2010}}

@inproceedings{dynamo,
	Author = {DeCandia, Giuseppe and Hastorun, Deniz and Jampani, Madan and Kakulapati, Gunavardhan and Lakshman, Avinash and Pilchin, Alex and Sivasubramanian, Swaminathan and Vosshall, Peter and Vogels, Werner},
	Booktitle = {SOSP},
	Pages = {205--220},
	Title = {Dynamo: amazon's highly available key-value store},
	Volume = {7},
	Year = {2007}}

@article{dean2008mapreduce,
	Author = {Dean, Jeffrey and others},
	Journal = {Communications of the ACM},
	Number = {1},
	Pages = {107--113},
	Publisher = {ACM},
	Title = {MapReduce: simplified data processing on large clusters},
	Volume = {51},
	Year = {2008}}

@inproceedings{gonzalez2012powergraph,
	Author = {Gonzalez, Joseph E and others},
	Booktitle = {Proceedings of OSDI},
	Opt_Pages = {17--30},
	Title = {{PowerGraph: Distributed graph-parallel computation on natural graphs}},
	Year = {2012}}

@inproceedings{malewicz2010pregel,
	Author = {Malewicz, Grzegorz and others},
	Booktitle = {Proceedings of SIGMOD},
	Pages = {135--146},
	Title = {Pregel: a system for large-scale graph processing},
	Year = {2010}}

@inproceedings{ptp-rfc,
	Author = {Eidson, John and others},
	Booktitle = {Proceedings of the Sensors for Industry Conference},
	Opt_Pages = {98--105},
	Title = {{IEEE 1588 standard for a precision clock synchronization protocol for networked measurement and control systems}},
	Year = {2002}}

@inproceedings{memcached-facebook,
	Author = {Nishtala, Rajesh and others},
	Booktitle = {Proceedings of the 10th USENIX NSDI},
	Optpages = {385--398},
	Organization = {USENIX Association},
	Title = {Scaling memcache at facebook},
	Year = {2013}}

@techreport{ArrakisTR,
	Author = {Peter, Simon and others},
	Institution = {University of Washington},
	Month = oct,
	Title = {{Arrakis: The Operating System is the Control Plane}},
	Year = {2013}}

@inproceedings{chen2009understanding,
	Author = {Chen, Yanpei and others},
	Booktitle = {Proceedings of WREN},
	Pages = {73--82},
	Title = {{Understanding TCP incast throughput collapse in datacenter networks}},
	Year = {2009}}

@inproceedings{cpi-squared,
	Acmid = {2465388},
	Author = {Zhang, Xiao and others},
	Booktitle = {Proceedings of EuroSys},
	Doi = {10.1145/2465351.2465388},
	Isbn = {978-1-4503-1994-2},
	Location = {Prague, Czech Republic},
	Numpages = {13},
	Pages = {379--391},
	Title = {{CPI$^2$: CPU Performance Isolation for Shared Compute Clusters}},
	Url = {http://doi.acm.org/10.1145/2465351.2465388},
	Year = {2013},
	Bdsk-Url-1 = {http://doi.acm.org/10.1145/2465351.2465388},
	Bdsk-Url-2 = {http://dx.doi.org/10.1145/2465351.2465388}}

@article{ieee802.1q,
	Author = {{IEEE}},
	Journal = {IEEE Std. 802.11Q-2005},
	Opt_Pages = {i-284},
	Title = {{Standard for local and metropolitan area networks, Virtual Bridged Local Area Networks}},
	Year = {2005}}

@inproceedings{qos-downfall,
	Author = {Crowcroft, Jon and others},
	Booktitle = {Proceedings ACM SIGCOMM RIP QoS},
	Opt_Pages = {109--114},
	Title = {QoS's Downfall: At the bottom, or not at all!},
	Year = {2003}}

@inproceedings{bullet-trains,
	Author = {Kapoor, Rishi and others},
	Booktitle = {Proceedings of CoNeXT},
	Opt_Pages = {133--138},
	Title = {{Bullet Trains: A study of NIC burst behavior at microsecond timescales}},
	Year = {2013}}

@techreport{silo-tr,
	Author = {Jang, Keon and others},
	Institution = {Microsoft Research},
	Note = {MSR-TR-2013-95},
	Title = {{Silo: Predictable Message Completion Time in the Cloud}},
	Year = {2013}}

@misc{flexray-std,
	Author = {{ISO 17458:2013}},
	Publisher = {ISO},
	Title = {{Road vehicles -- FlexRay communications system}},
	Year = 2013}

@article{g-hn-std,
	Author = {Oksman, Vladimir and others},
	Journal = {Communications Magazine, IEEE},
	Number = {10},
	Pages = {138--145},
	Publisher = {IEEE},
	Title = {{G.hn: The new ITU-T home networking standard}},
	Volume = {47},
	Year = {2009}}

@article{benson-dc-traffic-ccr,
	Acmid = {1672325},
	Author = {Benson, Theophilus and others},
	Doi = {10.1145/1672308.1672325},
	Issn = {0146-4833},
	Issue_Date = {January 2010},
	Journal = {SIGCOMM Comput. Commun. Rev.},
	Keywords = {data center traffic, traffic modeling},
	Month = jan,
	Number = {1},
	Numpages = {8},
	Pages = {92--99},
	Title = {{Understanding Data Center Traffic Characteristics}},
	Url = {http://doi.acm.org/10.1145/1672308.1672325},
	Volume = {40},
	Year = {2010},
	Bdsk-Url-1 = {http://doi.acm.org/10.1145/1672308.1672325},
	Bdsk-Url-2 = {http://dx.doi.org/10.1145/1672308.1672325}}

@inproceedings{benson-dc-traffic-imc,
	Acmid = {1879175},
	Author = {Benson, Theophilus and others},
	Booktitle = {Proceedings of IMC},
	Doi = {10.1145/1879141.1879175},
	Isbn = {978-1-4503-0483-2},
	Keywords = {characterization, data center traffic},
	Location = {Melbourne, Australia},
	Numpages = {14},
	Pages = {267--280},
	Title = {{Network Traffic Characteristics of Data Centers in the Wild}},
	Url = {http://doi.acm.org/10.1145/1879141.1879175},
	Year = {2010},
	Bdsk-Url-1 = {http://doi.acm.org/10.1145/1879141.1879175},
	Bdsk-Url-2 = {http://dx.doi.org/10.1145/1879141.1879175}}

@misc{naiad-blog-networking,
	Author = {Isaacs, Rebecca},
	Note = {Big Data at SVC blog, \url{http://bit.ly/1gl5Cjk}; accessed 28/01/2013.},
	Title = {{Tuning the performance of Naiad. Part 1: the network}}}

@inproceedings{dean2013experience,
	Author = {Jeff Dean},
	Booktitle = {Proceedings of XLDB},
	Location = {Stanford University, CA},
	Title = {{Building Software Systems at Google and Lessons Learned}},
	Year = {2013}}

@inproceedings{vasudevan2009safe,
	Author = {Vasudevan, Vijay and others},
	Booktitle = {Proceedings of the ACM SIGCOMM},
	Location = {Barcelona, Spain},
	Title = {{Safe and Effective Fine-grained TCP Retransmissions for Datacenter Communication}},
	Year = {2009}}
	
	
	
@inproceedings{mogul2003tcp,
 author = {Mogul, Jeffrey C.},
 title = {TCP Offload is a Dumb Idea Whose Time Has Come},
 booktitle = {Proceedings of the 9th Conference on Hot Topics in Operating Systems - Volume 9},
 series = {HOTOS'03},
 year = {2003},
 location = {Lihue, Hawaii},
 pages = {25--30},
} 

