%% This BibTeX bibliography file was created using BibDesk.
%% http://bibdesk.sourceforge.net/


%% Created for Matthew Grosvenor at 2013-01-25 00:36:11 +0000 


%% Saved with string encoding Unicode (UTF-8) 



@techreport{juniperpods,
	Date-Added = {2013-01-25 00:31:56 +0000},
	Date-Modified = {2013-01-25 00:36:08 +0000},
	Author = {{Juniper Networks}},
	Institution = {Juniper Networks},
	Title = {{Cloud Ready Data Center Network Design Guide}},
	Url = {http://www.juniper.net/us/en/local/pdf/design-guides/8020014-en.pdf},
	Year = {2012}}

@article{tokenring,
	Author = {Bux, W. and Closs, F. and Kuemmerle, K. and Keller, H. and Mueller, H.},
	Date-Added = {2013-01-24 19:21:35 +0000},
	Date-Modified = {2013-01-24 19:21:51 +0000},
	Doi = {10.1109/JSAC.1983.1146004},
	Issn = {0733-8716},
	Journal = {IEEE Selected Areas in Communications},
	Keywords = {Access protocols;Availability;Delay;Fault detection;Laboratories;Local area networks;Monitoring;Robustness;Token networks;Wiring;Communication system reliability;LANs;Local-area network (LAN);Protocols;},
	Month = {november},
	Number = {5},
	Pages = {756 -765},
	Title = {Architecture and Design of a Reliable Token-Ring Network},
	Volume = {1},
	Year = {1983},
	Bdsk-Url-1 = {http://dx.doi.org/10.1109/JSAC.1983.1146004}}


@article{tokenringstar, 
	author={Dixon, R. C. and Strole, N. C. and Markov, J. D.}, 
	journal={IBM Systems Journal}, title={A token-ring network for local data communications}, 
	year={1983}, 
	month={ }, 
	volume={22}, 
	number={1.2}, 
	pages={47 -62}, 
	keywords={}, 
	doi={10.1147/sj.221.0047}, 
	ISSN={0018-8670},}

@article{EinsteinSpecialRelativity,
	Author = {{Einstein, A.}},
	Doi = {10.1002/andp.19053221004},
	Issn = {1521-3889},
	Journal = {Annalen der Physik},
	Number = {10},
	Pages = {891--921},
	Title = {{Zur Elektrodynamik bewegter K\"{o}rper}},
	Url = {http://dx.doi.org/10.1002/andp.19053221004},
	Volume = {322},
	Year = {1905},
	Bdsk-Url-1 = {http://dx.doi.org/10.1002/andp.19053221004}}

@article{Neutrinos1,
	Author = {{Antonello, M. and Aprili, P. and Baiboussinov, B. and Baldo Ceolin, M. and Benetti, P. and Calligarich, E. and Canci, N. and Centro, S. and Cesana, A. and Cie{\'s}lik, K. and others}},
	Journal = {{Physics Letters B}},
	Publisher = {Elsevier},
	Title = {{Measurement of the neutrino velocity with the ICARUS detector at the CNGS beam}},
	Year = {2012}}

@article{Neutrinos2,
	Author = {{Adam, T. and Agafonova, N. and Aleksandrov, A. and Altinok, O. and Sanchez, P.A. and Anokhina, A. and Aoki, S. and Ariga, A. and Ariga, T. and Autiero, D. and others}},
	Journal = {arXiv preprint arXiv:1109.4897},
	Title = {{Measurement of the neutrino velocity with the OPERA detector in the CNGS beam}},
	Year = {2011}}

@misc{CheshireLatency,
	Author = {Cheshire, Stuart},
	Note = {\url{http://stanford.io/1fuOLaV}; accessed 14/01/2014},
	Title = {{It's the Latency, Stupid}},
	Url = {http://rescomp.stanford.edu/~cheshire/rants/Latency.html},
	Bdsk-Url-1 = {http://rescomp.stanford.edu/~cheshire/rants/Latency.html}}

@inproceedings{offwhenidle,
 author = {Audzevich, Yury and Watts, Philip and Kilmurray, Sean and Moore, Andrew W.},
 title = {Efficient photonic coding: a considered revision},
 booktitle = {Proceedings of GreenNets},
 year = {2011},
 isbn = {978-1-4503-0799-4},
 location = {Toronto, Ontario, Canada},
 pages = {13--18},
 numpages = {6},
 url = {http://doi.acm.org/10.1145/2018536.2018540},
 doi = {10.1145/2018536.2018540},
 acmid = {2018540},
 keywords = {energy-efficiency, physical line coding},
} 

@article{fddi, 
	author={Ross, F.}, 
	journal={Communications Magazine, IEEE}, 
	title={{F}{D}{D}{I}{ - A tutorial}}, 
	year={1986}, 
	month={may }, 
	volume={24}, 
	number={5}, 
	pages={10 -17}, 
	keywords={Bandwidth;Counting circuits;FDDI;Light emitting diodes;Optical fiber cables;Optical fiber polarization;Optical fibers;Road 	transportation;Switches;Tutorials;ANSI standards;Data communications;Optical fiber communication;}, 
	doi={10.1109/MCOM.1986.1093085}, 
	ISSN={0163-6804},}
	
@inproceedings{switchpower,
 author = {Ye, Terry Tao and Micheli, Giovanni De and Benini, Luca},
 title = {Analysis of power consumption on switch fabrics in network routers},
 booktitle = {Proceedings of the 39th annual Design Automation Conference},
 series = {DAC '02},
 year = {2002},
 isbn = {1-58113-461-4},
 location = {New Orleans, Louisiana, USA},
 pages = {524--529},
 numpages = {6},
 url = {http://doi.acm.org/10.1145/513918.514051},
 doi = {10.1145/513918.514051},
 acmid = {514051},
 publisher = {ACM},
 address = {New York, NY, USA},
 keywords = {interconnect networks, networks on chip, power consumption, systems on chip},
} 


@inproceedings{mapreduce,
 	author = {Dean, Jeffrey and Ghemawat, Sanjay},
 	title = {MapReduce: simplified data processing on large clusters},
 	booktitle = {Proceedings of the 6th conference on Symposium on Opearting Systems Design \& Implementation - Volume 6},
 	series = {OSDI'04},
 	year = {2004},
 	location = {San Francisco, CA},
 	pages = {10--10},
 	numpages = {1},
	url = {http://dl.acm.org/citation.cfm?id=1251254.1251264},
 	acmid = {1251264},
 	publisher = {USENIX Association},
 	address = {Berkeley, CA, USA},
} 

@INPROCEEDINGS{crayconnect, 
	author={Kessler, R.E. and Schwarzmeier, J.L.}, 
	booktitle={Compcon Spring '93, Digest of Papers.}, title={Cray T3D: a new dimension for Cray Research}, 
	year={1993}, 
	month={feb}, 
	volume={}, 
	number={}, 
	pages={176 -182}, 
	keywords={Atmospheric modeling;Computational fluid dynamics;Data 	processing;Electromagnetic analysis;Microprocessors;Parallel processing;Programming 	profession;Scalability;Solid modeling;Supercomputers; parallel processing; 3-D torus 	interprocessor interconnect; Cray Research; Cray T3D; locality; massively parallel 	processing; network performance; scalability;}, 
	doi={10.1109/CMPCON.1993.289660}, 
	ISSN={},
	}
	
@INPROCEEDINGS{cm5connect,
    author = {Charles Leiserson and Zahi S. Abuhamdeh and David C. Douglas and Carl R. Feynman and Mahesh N. Ganmukhi and Jeffrey V. Hill and W. Daniel Hillis and Bradley C. Kuszmaul and Margaret A. St. Pierre and David S. Wells and Monica C. Wong-chan and Shaw-wen Yang and Robert Zak},
    title = {The Network Architecture of the Connection Machine CM-5},
    booktitle = {Journal of Parallel and Distributed Computing},
    year = {1992},
    pages = {272--285}
}


@article{aloha,
 author = {Roberts, Lawrence G.},
 title = {{ALOHA packet system with and without slots and capture}},
 journal = {SIGCOMM Computer Communincation Review},
 issue_date = {April 1975},
 volume = {5},
 number = {2},
 month = apr,
 year = {1975},
 issn = {0146-4833},
 pages = {28--42},
 numpages = {15},
 url = {http://doi.acm.org/10.1145/1024916.1024920},
 doi = {10.1145/1024916.1024920},
 acmid = {1024920},
 publisher = {ACM},
 address = {New York, NY, USA},
} 
