@misc{rfc1242,
  author={{Bradner, Scott}},
  title={{Benchmarking Terminology for Network Interconnection Devices}},
  series="Request for Comments",
  number="1242",
  howpublished="RFC 1242",
  publisher="IETF",
  organisation="Internet Engineering Task Force",
  year=1991,
  month=jul,
  url="http://www.ietf.org/rfc/rfc1242.txt",
} 

@misc{rfc2544,
  author={{Bradner, Scott and McQuaid, Jim}},
  title={{Benchmarking Terminology for Network Interconnection Devices}},
  series="Request for Comments",
  number="2544",
  howpublished="RFC 2544",
  publisher="IETF",
  organisation="Internet Engineering Task Force",
  year=1999,
  month=mar,
  url="http://www.ietf.org/rfc/rfc1242.txt",
} 
